@book{UOFC,  
author={I. {Gath} and A. B. {Geva}},  journal={IEEE Transactions on Pattern Analysis and Machine Intelligence},   title={Unsupervised optimal fuzzy clustering},   year={1989},  volume={11},  number={7},  pages={773-780}}

@book{tutorial,
  title={A tutorial on Bayesian nonparametric models},
  author={Samuel J. Gershmana, David M. Blei b},
  isbn={9781417642595},
  url={https://www.journals.elsevier.com/journal-of-mathematical-psychology},
  year={2011},
  publisher={ELSEVIER}
}

@article{ferguson1973,
author = "Ferguson, Thomas S.",
doi = "10.1214/aos/1176342360",
fjournal = "Annals of Statistics",
journal = "Ann. Statist.",
month = "03",
number = "2",
pages = "209--230",
publisher = "The Institute of Mathematical Statistics",
title = "A Bayesian Analysis of Some Nonparametric Problems",
url = "https://doi.org/10.1214/aos/1176342360",
volume = "1",
year = "1973"
}

@article{Antoniak1974MixturesOD,
  title={Mixtures of Dirichlet Processes with Applications to Bayesian Nonparametric Problems},
  author={C. Antoniak},
  journal={Annals of Statistics},
  year={1974},
  volume={2},
  pages={1152-1174}
}

@article{sethuraman1994constructive,
  title={A constructive definition of Dirichlet priors},
  author={Sethuraman, Jayaram},
  journal={Statistica sinica},
  pages={639--650},
  year={1994},
  publisher={JSTOR}
}

@article{gelfand2002computational,
  title={A computational approach for full nonparametric Bayesian inference under Dirichlet process mixture models},
  author={Gelfand, Alan E and Kottas, Athanasios},
  journal={Journal of Computational and Graphical Statistics},
  volume={11},
  number={2},
  pages={289--305},
  year={2002},
  publisher={Taylor \& Francis}
}

